@preamble{{\providecommand*\hyphen{-}}}

@misc{ranney_numerically_2001_fixed,
	address = {Orlando, {FL}},
	howpublished = {Paper presented at the annual meeting of the {Society for
        Judgment and Decision Making}},
	title = {Numerically Driven Inferencing: A new paradigm for examining judgments, decisions, and policies involving base rates},
	shorttitle = {Numerically driven inferencing},
	author = {M. A. Ranney and F. Cheng and J. {Garcia de Osuna} and J. Nelson},
	year = {2001}
},

@inproceedings{garcia_de_osuna_qualitative_2004_fixed,
	address = {Mahwah, {NJ}},
	title = {Qualitative and quantitative effects of {surprise:(Mis)} estimates, rationales, and feedback-induced preference changes while considering abortion},
	shorttitle = {Qualitative and Quantitative Effects of Surprise},
	booktitle = {Proceedings of the {Twenty-Sixth} Annual Conference of the Cognitive Science Society},
	publisher = {Erlbaum},
	author = {J. {Garcia de Osuna} and M. A. Ranney and J. Nelson},
	editor = {K. Forbus and D. Gentner and T. Regier},
	year = {2004},
	pages = {422--427}
},

@inproceedings{munnich_policy_2003_fixed,
	address = {Mahwah, {NJ}},
	title = {Policy shift through {Numerically-Driven} Inferencing: An {EPIC} experiment about when base rates matter},
	shorttitle = {Policy shift through {Numerically-Driven} Inferencing},
	booktitle = {Proceedings of the Twenty-fifth Annual Conference of the Cognitive Science Society},
	publisher = {Erlbaum},
	author = {E. L. Munnich and M. A. Ranney and J. Nelson and J. {Garcia de Osuna} and N. Brazil},
	editor = {R. Alterman and D. Kirsh},
	year = {2003},
	pages = {834–839}
},

@book{r_development_core_team_r:_2009_fixed,
	address = {Vienna, Austria},
	title = {R: A language and environment for statistical computing},
	url = {http://www.R-project.org},
	author = "{R Development Core Team}",
	year = {2009},
	note = {{ISBN} 3-900051-07-0}
},

@misc{wolfram_alpha_faith,
	title = {{Wolfram{\textbar}Alpha}},
	url = {http://www.wolframalpha.com/input/?i=us+faith},
	author = {{Wolfram Alpha LLC}},
	year = {2011},
	howpublished = {http://www.wolframalpha.com/input/?i=us+faith}
},

@phdthesis{cohen_san_2012_f,
	type = {Undergraduate thesis},
	title = {San {D}iego’s {IPCCC:} The Implications and Politics of Climate Change Confusion},
	school = {University of California, Berkeley},
	author = {Cohen, S.},
	year = {2012},
	file = {CohenS_thesis.doc:/Users/dav/Library/Application Support/Firefox/Profiles/xgznvkyw.default/zotero/storage/62SQ3EHP/CohenS_thesis.doc:application/msword}
},

@inproceedings{clark_knowledge_inpress,
	address = {Austin, {TX}},
	title = {Knowledge Helps: Mechanistic Information and Numeric Evidence as Cognitive Levers to Overcome Stasis and Build Public Consensus on Climate Change},
	booktitle = {Proceedings of the 35th Annual Meeting of the Cognitive Science Society},
	publisher = {Cognitive Science Society},
	author = {Clark, D. and Ranney, M. A. and Felipe, J.},
    year = {in press},
	file = {cogsci2013-mech-NDI-camera-ready.pdf:/Users/dav/Library/Application Support/Firefox/Profiles/xgznvkyw.default/zotero/storage/JXNRJMHI/cogsci2013-mech-NDI-camera-ready.pdf:application/pdf}
},

@inproceedings{ranney_improving_2012_f,
	title = {Improving Americans’ Modest Global Warming Knowledge in the Light of {RTMD} (Reinforced Theistic Manifest Destiny) Theory},
	volume = {2},
	urldate = {2013-05-15},
	booktitle = {The Future of Learning: Proceedings of the Tenth International Conference of the Learning Sciences},
	publisher = {International Society of the Learning Sciences, Inc.},
	author = {Ranney, M. A. and Clark, D. and Reinholz, D. L. and Cohen, S.},
	editor = {van Aalst, K. and Thompson, K. and Jacobson, M. M. and Reimann, P.},
	year = {2012},
	pages = {pp. 2\hyphen481 to 2\hyphen482},
	file = {ICLS2012-2page-2submit.pdf:/Users/dav/Library/Application Support/Firefox/Profiles/xgznvkyw.default/zotero/storage/6KTA8M68/ICLS2012-2page-2submit.pdf:application/pdf}
},
